3118 4788
446 1070 449 1076 Ι
610 1143 970 1266 Praefatio,

708 1440 871 1456 mmmmm

335 1624 519 1680 Continentur
536 1625 589 1680 hoc
605 1624 676 1679 libro
693 1625 839 1681 hominum
856 1625 1001 1680 doctorum
1018 1625 1200 1692 coniecturae,
1216 1622 1318 1694 quibus

266 1709 391 1765 Caesaris
409 1709 670 1764 commentariorum
682 1711 780 1775 uerba,
805 1711 900 1781 qualia
920 1710 1116 1767 uetustissimis
1132 1709 1212 1764 libris
1229 1725 1317 1763 manu

267 1794 375 1864 scriptis
387 1785 536 1848 memoriae
546 1799 612 1848 sunt
624 1794 735 1862 tradita,
747 1795 894 1850 emendare
905 1795 996 1850 conati
1009 1799 1082 1849 sunt.
1106 1795 1185 1862 Quas
1196 1799 1230 1849 ut
1240 1793 1319 1849 colli·

266 1895 368 1950 gercm,
380 1877 512 1933 tredecim
524 1895 661 1933 annorum
673 1880 763 1950 spatio
775 1879 839 1950 plus
851 1879 906 1934 tria
917 1879 995 1934 milia
1006 1879 1183 1934 uoluminum
1195 1895 1319 1950 perscru-

266 1969 343 2018 tatus
355 1980 431 2018 sum:
450 1963 583 2018 editiones
598 1969 627 2019 et
635 1964 759 2019 Caesaris
774 1969 802 2019 ct
810 1964 964 2019 multorum
973 1964 1138 2034 scriptorum
1148 1965 1318 2020 Graecorum

267 2049 528 2118 Romanorumque,
551 2053 616 2103 acta
637 2049 772 2103 litteraria
789 2049 1089 2120 commentationesque
1106 2049 1318 2113 academiarum,
1425 2057 1439 2070 ·‘

266 2133 473 2188 dissertationes
495 2133 688 2204 inaugurales,
711 2133 820 2188 libellos
843 2135 1067 2204 gymnasiorum,
1088 2134 1215 2202 mnales,
1237 2132 1319 2203 ephe-

267 2217 399 2286 merides,
425 2217 614 2286 miscellanea,
641 2218 781 2289 symbolas
805 2218 967 2287 litterarias,
993 2219 1174 2275 bibliothecas
1201 2220 1320 2286 criticas,

268 2304 535 2374 animaduersiones,
558 2305 781 2372 obseruationes,
807 2304 947 2370 analecta,
973 2303 1122 2374 opuscula,
1148 2303 1239 2357 multa
1255 2301 1320 2372 alia,

267 2404 340 2458 quas
356 2388 468 2458 quidem
486 2388 629 2458 usquead
647 2389 754 2443 exitum
773 2389 840 2442 anni
858 2390 924 2445 1891
943 2388 1049 2459 publici
1066 2389 1134 2442 iuris
1151 2389 1226 2442 facta
1243 2392 1318 2443 sunt.
1392 2427 1394 2432 -

267 2473 448 2542 Quamquam
465 2489 500 2527 ex
517 2474 642 2528 maxima
653 2474 754 2528 horum
766 2472 902 2528 librorum
914 2473 1126 2544 libellorumque
1143 2477 1231 2543 parte,
1247 2488 1319 2542 quos

267 2557 376 2628 inspexi
393 2563 421 2612 et
438 2558 580 2626 uolutaui,
607 2562 657 2613 aut
679 2557 789 2612 nullum
807 2564 857 2612 aut
874 2557 1027 2613 admodum
1044 2559 1178 2628 exiguum
1196 2555 1319 2611 fructum

268 2645 384 2714 percepi.
419 2643 465 2696 Ex
488 2643 628 2698 ueteribus
646 2643 771 2698 Caesaris
789 2627 1052 2698 commentariorum
1070 2642 1239 2698 editionibus
1256 2641 1320 2696 dili·

267 2732 364 2798 genter
384 2728 491 2782 contuli
515 2727 665 2782 editionem
693 2729 863 2800 principem,
887 2729 1021 2783 Aldinam
1038 2721 1152 2799 v(1513),
1177 2727 1318 2782 Parisinus

268 2812 424 2867 Vascosani
440 2817 469 2867 et
485 2813 557 2868 Rob.
577 2812 720 2883 Stephani,
745 2829 780 2868 ex
797 2813 994 2869 recentioribus
1006 2812 1174 2881 Schneideri,
1199 2813 1320 2884 Nipper-

242 2887 243 2890 '
268 2898 322 2965 dei,
339 2897 477 2968 Frigellii,
504 2897 645 2966 Diibneri,
672 2899 783 2954 Dinteri
800 2901 932 2969 priorem,
958 2898 1078 2953 Holderi
1095 2898 1237 2962 editiones.
1272 2897 1320 2952 In-

269 2984 347 3052 spexi
364 2989 504 3053 praeterea
521 2984 656 3038 editiones
675 2984 812 3052 Beroaldi,
831 2985 914 3039 Pauli
922 2985 1053 3052 Manutii,
1070 2981 1168 3055 Lipsii,
1186 2983 1320 3055 Scaligsri

268 3067 399 3122 omnibus
416 3068 450 3121 iis
464 3067 545 3136 locis,
564 3069 674 3138 quibus,
692 3085 758 3123 cum
770 3069 904 3124 mendum
922 3086 982 3125 esse
999 3069 1128 3124 uideatur
1138 3070 1167 3123 in
1179 3069 1319 3124 codicibus

269 3169 356 3207 manu
373 3153 490 3223 scriptis,
513 3153 585 3207 inter
602 3169 631 3208 se
648 3155 808 3225 discrepant
823 3155 949 3210 editores.
968 3155 1023 3210 Sed
1041 3171 1075 3209 ex
1093 3153 1199 3224 ingenti
1216 3154 1321 3208 coniec-

269 3244 396 3294 turarum
413 3254 529 3292 numero
547 3255 603 3292 non
622 3239 711 3309 recepi
729 3251 785 3307 eas,
803 3257 875 3310 quae
887 3238 989 3294 idcirco
1007 3256 1025 3294 a
1041 3239 1109 3293 uiris
1126 3238 1214 3293 doctis
1230 3239 1321 3293 factae

268 3329 345 3392 sunt,
362 3323 436 3394 quod
455 3324 602 3378 meliorum
619 3323 755 3400 librorum
772 3341 861 3379 manu
872 3325 1038 3394 scriptorum
1049 3323 1195 3379 lectionem
1212 3323 1321 3394 ignora·

256 3409 352 3476 bant,
369 3425 458 3479 neque
475 3425 535 3476 eas,
561 3424 632 3477 quae
649 3424 761 3478 prorsus
779 3409 917 3464 absurdae
933 3413 1009 3464 sunt.
1044 3408 1133 3478 Saepe
1150 3424 1217 3463 sane
1232 3408 1321 3462 hacsi-

232 3505 236 3513 ·
269 3494 339 3562 taui,
355 3499 452 3548 utrum
470 3509 714 3549 commemorarem
732 3499 821 3549 certas
843 3492 980 3565 quasdam
997 3493 1169 3548 coniecturas
1186 3509 1223 3548 an
1240 3493 1321 3555 silen-
1404 3503 1407 3507 ⁴
1514 3541 1515 3573 ,

270 3579 310 3632 tio
328 3580 584 3649 praetermitterem.
629 3579 775 3633 Praestare
801 3583 896 3633 tamen
922 3579 1016 3633 uisum
1038 3584 1081 3633 cst
1098 3595 1181 3650 quam
1200 3579 1322 3633 maxime

270 3679 331 3718 esse
347 3664 376 3717 in
393 3664 446 3719 hac
463 3680 492 3719 re
509 3664 636 3732 facilem,
662 3663 815 3729 liberalem,
834 3663 1034 3735 indulgentem.
1069 3664 1170 3734 Itaque
1186 3680 1243 3718 non
1259 3679 1321 3718 raro

271 3749 439 3804 mentionem
458 3750 511 3804 feci
529 3751 757 3817 coniecturarum,
774 3765 846 3820 quae
863 3754 957 3819 aperte
972 3749 1059 3803 falsae
1073 3753 1140 3804 sunt
1150 3747 1321 3819 longissime-

271 3846 325 3899 que
342 3848 360 3884 a
378 3849 443 3888 uero
461 3834 625 3902 abhorrent,
651 3836 675 3889 si
702 3839 753 3889 ant
778 3834 904 3905 pluribus
930 3833 1092 3888 hominibus
1113 3834 1202 3889 doctis
1220 3833 1322 3905 dignae

270 3916 348 3970 uisae
365 3923 432 3972 sunt
449 3919 711 3974 commemoratione
734 3924 785 3974 aut
805 3920 884 3974 locus
909 3918 969 3985 ille,
995 3935 1080 3988 quem
1106 3935 1204 3974 sanare
1220 3934 1321 3974 conan-

270 4003 329 4065 tur,
356 4017 469 4070 prorsus
486 4009 528 4059 e'st
545 4005 716 4075 desperatus.
751 4005 927 4059 Recentiores
949 4002 1065 4071 codices,
1082 4005 1185 4075 quippe
1201 4005 1251 4075 qui
1268 4005 1322 4058 ori-

270 4086 364 4156 ginem
381 4086 600 4180 ducantomnes
617 4105 652 4144 ex
664 4089 874 4157 uetustioribus,
892 4089 940 4160 qui
957 4087 1041 4143 stiam
1059 4105 1135 4144 nunc
1151 4093 1271 4154 exstant,
1289 4090 1320 4143 in

660 4364 930 4472 163726
