3136 4808
1293 398 1336 456 ΠΙ

284 529 438 630 etiam'X;“
453 563 522 632 (3,1,
532 564 555 630 6)
566 562 679 627 ,boseri
688 580 747 644 pra
756 563 810 618 hoc
818 565 861 616 af‘
889 561 920 617 si
931 577 1028 616 omnes
1036 561 1101 616 libri
1110 567 1137 617 et
1146 577 1231 615 mann
1240 562 1336 632 scripti

285 654 314 703 et
331 649 408 718 typis
425 647 550 717 expressi
564 648 751 715 consentiunt,
768 647 940 702 coniecturas
957 646 1103 701 bominum
1121 646 1266 701 doctorum
1277 646 1335 717 ple-

196 737 198 740 ’
285 745 403 804 rumque
420 733 461 787 ita
477 731 579 798 adfero,
597 737 630 786 ut
647 748 680 786 ea
697 732 795 799 uerba,
819 732 849 786 in
867 731 969 802 quibus
986 731 1133 786 discedunt
1150 731 1186 785 ab
1204 731 1334 786 omnibus

285 817 376 885 libris,
403 817 537 872 litteris
563 817 680 872 latius
702 817 890 888 dispositis
913 816 1031 871 indicem
1049 822 1132 886 atque
1148 815 1336 886 distinguam

285 905 321 959 of.
337 904 363 970 2,
372 903 443 969 41‚8
461 901 591 969 ,dortuna
607 917 716 956 seruare
733 901 910 956 uoluisset
936 900 1122 955 Omnelieeea“
1145 900 1220 970 (libri
1238 915 1335 954 omnes

283 987 400 1042 habent:
418 987 531 1041 fortuna
543 995 652 1041 seruare
663 987 820 1058 potuisset).
832 1018 866 1028 -
877 987 1022 1041 Praeterea
1032 985 1193 1052 deformandi
1202 989 1230 1040 et
1242 985 1338 1040 tuenda

285 1071 371 1138 uerbo
389 1072 429 1126 ita
447 1087 554 1142 semper
572 1087 640 1126 usus
658 1089 731 1140 sum,
748 1065 788 1126 ut
799 1072 835 1126 ad
853 1071 979 1126 codicum
998 1087 1078 1148 mser.
1095 1071 1181 1125 uerba
1191 1071 1337 1141 pertineat,

257 1221 261 1227 .
284 1157 364 1212 uelut
389 1157 495 1223 virsa
520 1173 571 1221 „eo
589 1156 663 1228 quod
680 1161 818 1212 meruerat
834 1157 883 1210 del.
906 1155 1007 1224 Apitx,
1030 1155 1128 1222 Vialim
1155 1154 1258 1221 dafmrd.
1276 1154 1336 1222 Dc,

285 1241 435 1295 AHorner‘
461 1241 536 1296 idem
562 1246 605 1296 est
631 1242 706 1313 quod
732 1241 835 1310 „uerba
860 1257 898 1296 eo
919 1240 1010 1310 quod
1028 1245 1201 1295 meruerat
1218 1238 1337 1294 delenda

284 1332 397 1381 censent
415 1327 501 1398 Apitz
519 1331 547 1380 et
564 1326 730 1394 Vielhaber,
755 1325 852 1381 eadem
879 1325 966 1380 uerba
989 1341 1006 1379 a
1025 1327 1139 1381 Caesare
1156 1325 1259 1396 scripta
1275 1340 1337 1379 esse

282 1411 473 1466 demonstrare
499 1415 636 1466 conantur
653 1411 754 1466 Dinter
779 1416 807 1466 et
828 1411 993 1466 AHomer.“
1029 1411 1133 1466 Contra
1153 1409 1291 1478 probandi
1307 1414 1337 1464 et

281 1495 462 1564 improbandi
477 1496 563 1552 uerba
580 1513 689 1568 semper
706 1496 845 1567 pertinent
867 1496 903 1550 ad
921 1498 1105 1564 coniecturas,
1131 1495 1210 1550 uelut
1227 1494 1273 1550 VI
1283 1496 1335 1562 7,6

282 1581 375 1635 uerbis
394 1581 440 1648 „in
457 1582 636 1638 consiliodel.
659 1581 746 1646 Poal;
769 1581 847 1649 prob.
874 1581 1003 1635 RScira.“
1028 1581 1150 1635 indicaui
1177 1579 1334 1635 Rudolfum

169 1689 180 1710 ν
283 1665 484 1722 Schneidorum
502 1667 618 1738 probare
636 1666 862 1723 Guilelmi.Paul
879 1665 1080 1733 coniecturam,
1107 1666 1156 1736 qui
1182 1665 1268 1720 uerba
1284 1665 1336 1720 illa

283 1750 401 1806 delenda
417 1757 516 1807 censet.
543 1751 669 1821 (Probari
678 1755 773 1808 autem
785 1752 971 1807 coniecturam
983 1750 1019 1806 ab
1030 1750 1092 1804 aliis
1109 1766 1196 1821 saepe,
1207 1751 1335 1817 consulto

282 1851 339 1890 non
365 1837 599 1906 commemoraui.)
616 1868 650 1882 -
667 1837 748 1892 Haec
765 1837 821 1892 iere
846 1841 922 1905 sunt,
945 1852 1016 1907 qnae
1032 1835 1213 1907 explicatione
1238 1834 1334 1890 iriden-

282 1925 329 1974 tur
345 1936 431 1990 egere.
677 1913 681 1920 ’

351 2005 502 2079 Reliquum
520 2012 576 2075 est,
594 2013 627 2062 nt
643 2008 746 2064 addam
763 2007 857 2078 ipsum
874 2023 919 2061 ms
936 2023 996 2075 eas,
1014 2023 1089 2077 -quas
1106 2007 1334 2074 commemoraui,

171 2123 174 2130 .
282 2090 452 2145 coniecturas
467 2107 502 2172 err
516 2093 694 2168 editionibus,
717 2091 865 2150 annalibus
882 2092 999 2163 aliisque
1010 2092 1089 2147 libris
1111 2091 1248 2146 libellisue
1263 2091 1333 2145 hau·

281 2175 363 2243 sisse,
386 2176 504 2231 oliorum
521 2169 613 2234 uerbis
630 2196 675 2235 me
692 2178 775 2234 fidem
793 2195 850 2232 non
866 2177 1006 2233 habuisse.
1045 2177 1076 2234 Si
1093 2193 1149 2247 qua
1164 2176 1332 2232 coniectura-

282 2277 357 2328 rum,
384 2278 454 2332 quas
472 2263 531 2333 ipse
547 2279 605 2318 non
621 2265 798 2332 inuenerem,
825 2265 861 2321 ab
889 2265 951 2319 aliis
973 2263 1047 2318 facta
1064 2266 1124 2317 erat
1140 2263 1259 2329 mentio,
1285 2278 1333 2318 eos

281 2346 374 2414 libros,
400 2348 430 2401 in
457 2348 559 2419 quibus
585 2349 694 2419 prolata
719 2349 862 2406 dicebatur
888 2350 939 2404 illa
955 2349 1122 2416 coniectura,
1146 2347 1206 2418 ipse
1223 2347 1331 2415 euolui;

252 2429 255 2434 '
281 2431 306 2484 si
318 2430 436 2487 aliorum
448 2433 534 2488 uerba
552 2432 747 2505 discrepabant
763 2436 854 2503 abiis,
871 2451 943 2506 quae
954 2450 1005 2505 ego
1016 2433 1222 2504 exscripseram,
1240 2432 1331 2488 denuo

278 2517 337 2570 eius
359 2517 436 2572 modi
452 2517 527 2572 locos
545 2520 653 2590 inspexi
674 2525 724 2575 aut
746 2527 862 2576 conanae
890 2537 954 2575 sum
979 2524 1057 2589 (nam
1074 2519 1175 2588 uiginti
1190 2518 1246 2573 fere
1263 2518 1331 2573 locis

277 2617 335 2655 non
353 2602 444 2670 licuit)
462 2603 604 2673 inspicere.
640 2604 706 2671 Qua
731 2605 760 2660 in
786 2623 816 2661 re
842 2622 906 2661 oum
933 2621 1022 2658 unum
1040 2620 1150 2671 meum,
1176 2603 1331 2675 permultos

279 2686 397 2741 oliorum
415 2687 641 2757 deprehenderim
658 2687 771 2758 errores,
797 2707 907 2762 sperare
932 2685 998 2745 licet
1022 2705 1080 2744 non
1103 2689 1254 2744 admodum
1272 2705 1330 2744 ma-

278 2788 366 2842 gnum
383 2771 442 2828 fore
459 2789 555 2828 eorum
571 2773 696 2830 locorum
713 2792 873 2841 numerum,
901 2790 957 2847 quo
974 2775 1130 2834 errauerim.
1164 2773 1262 2828 Nihilo
1279 2773 1331 2828 mi-

277 2874 333 2912 nus
351 2873 409 2912 non
426 2859 505 2914 nulla
522 2875 540 2914 a
556 2875 602 2914 me
617 2862 821 2931 praetermissa,
837 2879 895 2916 non
907 2861 987 2916 nulla
1004 2863 1151 2915 non'recte
1169 2859 1255 2914 allata
1271 2875 1331 2915 esse

276 2942 336 2996 ueri
354 2944 445 2998 simile
462 2949 517 3011 est;
544 2945 580 3000 de
608 2945 710 3016 quibus
732 2948 782 3018 qui
798 2963 843 3002 me
860 2945 1036 3002 admonuerit
1053 2944 1243 3016 gratissimum
1260 2945 1330 2998 mihi

276 3027 377 3082 fecerit.
633 3041 637 3050 ¹
739 3027 740 3030 ’

347 3112 433 3167 Vnde
449 3113 559 3184 singula
576 3116 703 3186 petierim
721 3121 749 3171 et
766 3115 868 3187 quibus
885 3117 959 3172 notis
977 3133 1045 3171 ueras
1064 3116 1126 3183 sim,
1143 3131 1179 3170 ex
1196 3130 1228 3169 eo
1246 3130 1329 3186 quem

173 3247 178 3258 ,
276 3198 381 3254 subieci
398 3199 489 3254 indice
506 3205 694 3271 cognoscetur.

275 3283 426 3338 Acboiatre
445 3306 477 3334 =
495 3284 580 3340 caius
597 3286 692 3342 Julius
709 3286 812 3342 Caesar
833 3287 870 3342 ad
893 3287 1001 3343 codices
1019 3287 1160 3342 Parisinos
1177 3286 1328 3343 recensitus

344 3385 410 3424 eum
428 3409 434 3422 .
454 3409 459 3420 .
478 3409 484 3420 .
502 3370 672 3425 eruditorum
700 3372 790 3439 notis,
818 3372 921 3442 quibus
950 3389 1016 3428 suas
1046 3373 1206 3428 adiecerunt
1231 3372 1267 3426 N.
1295 3372 1327 3427 L.

344 3455 495 3510 Achaintre
520 3460 548 3510 et
574 3455 612 3510 N.
638 3455 671 3511 E.
698 3450 832 3514 Iemabe
860 3458 924 3514 Vol.
951 3458 976 3514 1.
1003 3458 1042 3513 11.
1078 3459 1164 3514 Paris.
1200 3459 1276 3514 1819.
1294 3458 1330 3514 20

344 3541 416 3610 (raro
433 3540 562 3611 inspexi).

272 3618 462 3716 Ἀθήναιον,
486 3624 675 3714 σύγγραμμα
697 3627 895 3714 περιοδικόν.
926 3623 1108 3720 Ἀθήνησιν
1126 3647 1327 3717 (1872-)1882.

276 3726 424 3782 Aicordca.
461 3728 541 3796 Quae
557 3727 734 3795 adferuntur,
760 3746 794 3784 ea
809 3730 912 3806 hausta
928 3736 995 3786 sunt
1011 3747 1047 3786 ox
1065 3732 1255 3805 Oudendorpii
1272 3735 1328 3790 edi-

341 3812 423 3868 tione.
442 3812 484 3868 uf.
503 3812 576 3869 Oud.
594 3813 707 3884 praefat.
724 3814 772 3870 fol.
790 3813 841 3872 '**3
860 3833 930 3872 uera.

273 3895 350 3950 Aim.
370 3906 402 3946 .-.-·.
420 3899 577 3966 Almoinns‚
593 3899 639 3970 ¹De
656 3901 740 3970 gestis
757 3901 938 3970 Francorum,
955 3903 1071 3972 praefat.
1089 3903 1326 3972 (commemoraui

342 3997 432 4050 pauca
448 3999 483 4037 ex
500 3982 544 4052 iis,
561 4001 632 4055 qnae
649 3984 686 4040 ab
704 3984 777 4042 Oud.
795 3991 824 4042 ot
840 3987 925 4058 Nipp.
943 3987 1140 4058 proferuntur.)

273 4065 335 4120 Aba.
355 4087 387 4115 =
406 4067 531 4122 Caesaris
548 4075 727 4126 commentar.
745 4070 870 4127 Venetiis
886 4074 917 4127 in
934 4071 1050 4128 aedibus
1061 4073 1138 4141 Aldi,
1154 4078 1182 4129 at
1196 4074 1326 4130 Andreae

341 4152 427 4208 soceri
444 4153 511 4209 1513
527 4169 622 4209 mense
637 4154 736 4226 Aprili.
